00592cas a22002291a 4500
001 999289923502836
003 Nz
005 20161223153001.0
008 040105d1965uuuunz  r ne      0   0 eng d
035    $a (NLNZils)928992
035    $a (Nz)8156790
035    $a (NLNZils)928992-ilsdb
035    $a (OCoLC)173421451
040    $a WN $c WN
042    $a nznb
043    $a u-nz---
245 00 $a Hibiscus coast leader.
260    $a [Orewa, N.Z. : $b s.n., $c 1965?-?]
310    $a Fortnightly
362 0  $a 1965?-?
651  0 $a Rodney District (N.Z.) $v Newspapers.
655  7 $a New Zealand newspapers. $2 local $5 Nz
